@article{LabelPerLaCitazione,
author = {Nome Cognome},
year = {2022},
month = {04},
pages = {69},
title = {Il gabbiano e altri incredibili racconti impegnati ma non troppo},
volume = {1},
journal = {Il mio giornale},
doi = {}
}

@article{chawla2002smote,
  title={SMOTE: synthetic minority over-sampling technique},
  author={Chawla, Nitesh V and Bowyer, Kevin W and Hall, Lawrence O and Kegelmeyer, W Philip},
  journal={Journal of artificial intelligence research},
  volume={16},
  pages={321--357},
  year={2002}
}
